
@CONFERENCE{conf1,
  author = {Найдьонов, І. М. and Громовий, О. В.},
  title = {Використання методу «редагування на льоту» (edit on fly) для побудови Web-систем},
  booktitle = {Системний аналiз та iнформацiйнi технологiї: матерiали 14-ї Мiжнародної науково-технiчної конференцiї SAIT 2012, Київ, 24 квiтня 2012 р.},
  bookcredits = {ННК “IПСА” НТУУ “КПI”},
  address = {К.},
  publisher = {ННК “IПСА” НТУУ “КПI”},
  year = {2012},
  numpages = {443},
  pages = {384},
  language = {ukrainian},
}

@CONFERENCE{conf1eng,
  author = {Naydonov, Ivan M. and Gromovyy, Oleksandr V.},
  title = {Using «edit on fly» method for building Web-systems},
  booktitle = {System analysis and information technologies: 14-th International conference SAIT 2012, Kyiv, Ukraine, April 24, 2012. Proceedings.},
  bookcredits = {ESC “IASA” NTUU “KPI”},
  address = {Kyiv},
  publisher = {ESC “IASA” NTUU “KPI”},
  year = {2012},
  numpages = {443},
  pages = {384},
  language = {english},
}

@CONFERENCE{conf2,
  author = {Naydonov, Ivan and Rebenok, Leonid},
  title = {Asynchronous programming with async and await},
  booktitle = {Innovation in Science and Technology. Part II. X International Students Conference Proceedings. April 9, 2013},
  address = {Кyiv},
  year = {2013},
  numpages = {240},
  pages = {39},
  language = {english},
}

@CONFERENCE{conf3,
  author = {Найдьонов, І. М.},
  title = {Попередня оцiнка корисностi ознак в задачах моделювання при великих розмiрностях},
  booktitle = {Системний аналiз та iнформацiйнi технологiї: матерiали 15-ї Мiжнародної науково-технiчної конференцiї SAIT 2012, Київ, 27-31 травня 2013 р.},
  bookcredits = {ННК “IПСА” НТУУ “КПI”},
  address = {К.},
  publisher = {ННК “IПСА” НТУУ “КПI”},
  year = {2013},
  numpages = {516},
  pages = {469},
  language = {ukrainian},
}

@CONFERENCE{conf3eng,
  author = {Naydonov, Ivan M.},
  title = {Preliminary assessment of the attributes usefulness in large-scale modeling problems},
  booktitle = {System analysis and information technologies: 15-th International conference SAIT 2013, Kyiv, Ukraine, May 27–31, 2013. Proceedings},
  bookcredits = {ESC “IASA” NTUU “KPI”},
  address = {Kyiv},
  publisher = {ESC “IASA” NTUU “KPI”},
  year = {2013},
  numpages = {516},
  pages = {469},
  language = {english},
}

@CONFERENCE{conf4,
  author = {Найдьонов, І. М.},
  title = {Пiдтримка процесу запам’ятовування за допомогою програми для електронної книги},
  booktitle = {Системний аналiз та iнформацiйнi технологiї: матерiали 15-ї Мiжнародної науково-технiчної конференцiї SAIT 2012, Київ, 27-31 травня 2013 р.},
  bookcredits = {ННК “IПСА” НТУУ “КПI”},
  address = {К.},
  publisher = {ННК “IПСА” НТУУ “КПI”},
  year = {2013},
  numpages = {516},
  pages = {470},
  language = {ukrainian},
}

@CONFERENCE{conf4eng,
  author = {Naydonov, Ivan M.},
  title = {Support of the memorization process using application for ebook},
  booktitle = {System analysis and information technologies: 15-th International conference SAIT 2013, Kyiv, Ukraine, May 27–31, 2013. Proceedings},
  bookcredits = {ESC “IASA” NTUU “KPI”},
  address = {Kyiv},
  publisher = {ESC “IASA” NTUU “KPI”},
  year = {2013},
  numpages = {516},
  pages = {470},
  language = {english},
}

@CONFERENCE{conf5,
  author = {Найдьонов, І. М.},
  title = {Побудова оптимальних маршрутiв транспортних засобiв з урахуванням топологiї дорожньої мережi},
  booktitle = {Системний аналiз та iнформацiйнi технологiї: матерiали 17-ї Мiжнародної науково-технiчної конференцiї SAIT 2015, Київ, 22-25 червня 2015 р.},
  bookcredits = {ННК “IПСА” НТУУ “КПI”},
  address = {К.},
  publisher = {ННК “IПСА” НТУУ “КПI”},
  year = {2015},
  numpages = {304},
  pages = {89},
  language = {ukrainian},
}

@CONFERENCE{conf5eng,
  author = {Naydonov, Ivan M.},
  title = {Construction of optimal vehicle routes based on road network topology},
  booktitle = {System analysis and information technology: 17-th International conference SAIT 2015, Kyiv, Ukraine, June 22–25, 2015. Proceedings},
  bookcredits = {ESC “IASA” NTUU “KPI”},
  address = {Kyiv},
  publisher = {ESC “IASA” NTUU “KPI”},
  year = {2015},
  numpages = {304},
  pages = {89},
  language = {english},
}

@CONFERENCE{conf6,
  author = {Найдьонов, І. М.},
  title = {Аналіз інструментів голосової взаємодії в задачах управління дистрибуцією},
  booktitle = {Тези доповідей XIII Міжнародної конференції «Управління проектами у розвитку суспільства». Тема: Проекти в умовах глобальних загроз, ризиків и викликів},
  bookcredits = {Відповідальний за випуск С.~Д.~Бушуев},
  address = {К.},
  publisher = {КНУБА},
  year = {2016},
%  numpages = {296},
  pages = {175--176},
  language = {ukrainian},
}

@CONFERENCE{conf6eng,
  author = {Naydonov, Ivan M.},
  title = {Analysis of the instruments of voice interaction in the distribution management tasks},
  booktitle = {Proceedings of XIII International conference «Project Management in Development of Society». Topic: Projects under global threats, risks and challenges},
  bookcredits = {Responsible for the issue S.~D.~Bushuev},
  address = {Kyiv},
  publisher = {KNUCA},
  year = {2016},
%  numpages = {296},
  pages = {175--176},
  language = {english},
}

@article {conf7,
  author = {Naydonov, Mykhaylo and Naydonova, Lyubov A. and Naydonova, Lyubov M. and Naydonov, Ivan},
  title = {Psychological Resources and Risks of Internet Using by Teenagers during War},
  journal = {International Journal of Psychology},
  volume = {51},
  issue = {S1},
  issuetitle = {31st International Congress of Psychology, 24–29 July 2016, Yokohama, Japan},
  publisher = {John Wiley & Sons, Ltd},
  issn = {1464-066X},
  url = {http://dx.doi.org/10.1002/ijop.12331},
  doi = {10.1002/ijop.12331},
  pages = {843},
  numpages = {1179},
  year = {2016},
  language = {english},
}

@CONFERENCE{conf8,
  author = {Найдьонов, І. М.},
  title = {Шляхи використання можливостей голосового управління для оптимізації процесів дистрибуції},
  booktitle = {ІІІ Міжнародна науково-практична конференція «Інформаційні технології та взаємодії». 8--10 листопада 2016. Тези доповідей},
  address = {К.},
  publisher = {Київський університет},
  year = {2016},
  numpages = {310},
  pages = {243--244},
  language = {ukrainian},
}

@CONFERENCE{conf8eng,
  author = {Naydonov, Ivan M.},
  title = {Uses of voice control capabilities to optimize distribution processes},
  booktitle = {Proceedings of III International scientific conference on «Information technologies and interactions». 8--10 November 2016},
  address = {Kyiv},
  publisher = {Kyiv university},
  year = {2016},
  numpages = {310},
  pages = {243--244},
  language = {english},
}


@CONFERENCE{conf9,
	author = {Naydonov, Ivan},
	title = {Geoinformation system of vehicle routing and parameters of voice interaction of subjects of logistics},
	booktitle = {16th EAGE International Conference on Geoinformatics - Theoretical and Applied Aspects},
	year = {2017},
	doi = {10.3997/2214-4609.201701807},
	language = {english},
}

@CONFERENCE{conf10,
	author = {Найдьонов, І. М.},
	title = {Сценарії автоматизації голосової взаємодії суб'єктів дистрибуції},
	booktitle = {ІV Міжнародна науково-практична конференція «Інформаційні технології та взаємодії». 8--10 листопада 2017. Тези доповідей},
	address = {К.},
	publisher = {Київський університет},
	year = {2017},
%	numpages = {310},
%	pages = {243--244},
	language = {ukrainian},
}

@CONFERENCE{conf10eng,
	author = {Naydonov, Ivan M.},
	title = {Scripts of automation of voice interaction of distribution entities},
	booktitle = {Proceedings of IV International scientific conference on «Information technologies and interactions». 8--10 November 2017},
	address = {Kyiv},
	publisher = {Kyiv university},
	year = {2017},
%	numpages = {310},
%	pages = {243--244},
	language = {english},
}

@CONFERENCE{conf11,
	author = {Naydonov, Mykhaylo and Naydonova, Lyubov M. and Naydonova, Lyubov A. and Grygorovska, Liubov and Naydonov, Ivan},
	title = {The dynamics of geopolitical orientations of the population as a basis for overcoming regional prejudice during the integration of internally displaced persons in Ukraine},
	booktitle = {Proceedings of 15th European Congress of Psychology. Amsterdam, The Netherlands. 11 – 14 July 2017},
	address = {Amsterdam},
	year = {2017},
	pages = {140},
	language = {english},
}
