
@PATENT{as1,
  author = {Найдьонов, І. М. and Найдьонов, М. І. and Найдьонова, Л. А. and Найдьонова, Л. М.},
  title = {Мобільне мультимедійне тестування імпліцитного ставлення виборців до кандидатів (ММТ-ІАТ вибори)},
  type = {invcert},
  number = {47182},
  location = {Україна},
  requestnumber = {47447},
  date = {2012-11-13},
  registrationdate = {2013-01-14},
  publicationdate = {2013-05-03},
  publication = {Бюл. №~30},
  numpages = {2},
  language = {ukrainian},
}

@PATENT{as2,
  author = {Найдьонов, І. М. and Найдьонов, М. І. and Найдьонова, Л. А. and Найдьонова, Л. М.},
  title = {Управлінський моніторинг ходу мобільного мультимедійного тестування (Управління ММТ)},
  type = {invcert},
  number = {47183},
  location = {Україна},
  requestnumber = {47448},
  date = {2012-11-13},
  registrationdate = {2013-01-14},
  publicationdate = {2013-05-03},
  publication = {Бюл. №~30},
  numpages = {2},
  language = {ukrainian},
}

@PATENT{as3,
  author = {Найдьонов, І. М. and Найдьонов, М. І. and Найдьонова, Л. А. and Найдьонова, Л. М.},
  title = {Мобільне мультимедійне тестування ставлення громадян до єдності України (ММТ-Схід-Захід)},
  type = {invcert},
  number = {47184},
  location = {Україна},
  requestnumber = {47449},
  date = {2012-11-13},
  registrationdate = {2013-01-14},
  publicationdate = {2013-05-03},
  publication = {Бюл. №~30},
  numpages = {2},
  language = {ukrainian},
}

@PATENT{as4,
  author = {Найдьонов, І. М. and Найдьонов, М. І. and Найдьонова, Л. А.},
  title = {Мобільне мультимедійне тестування ставлення батьків до впливу телебачення на дитину (ММТ-медіакультура)},
  type = {invcert},
  number = {47185},
  location = {Україна},
  requestnumber = {47450},
  date = {2012-11-13},
  registrationdate = {2013-01-14},
  publicationdate = {2013-05-03},
  publication = {Бюл. №~30},
  numpages = {2},
  language = {ukrainian},
}

@PATENT{as5,
  author = {Найдьонов, І. М. and Найдьонов, М. І.},
  title = {Мобільне мультимедійне опитування престижності професій (ММТ-престижність)},
  type = {invcert},
  number = {47186},
  location = {Україна},
  requestnumber = {47451},
  date = {2012-11-13},
  registrationdate = {2013-01-14},
  publicationdate = {2013-05-03},
  publication = {Бюл. №~30},
  numpages = {2},
  language = {ukrainian},
}

@PATENT{as6,
  author = {Найдьонов, І. М.},
  title = {Математичний сервер автоматичної побудови логістичних маршрутів},
  type = {invcert},
  number = {60788},
  location = {Україна},
  requestnumber = {61210},
  date = {2015-05-25},
  registrationdate = {2015-07-23},
  publicationdate = {2015-10-30},
  publication = {Бюл. №~38},
  numpages = {2},
  language = {ukrainian},
}

@PATENT{as7,
  author = {Найдьонов, І. М. and Найдьонов, М. І. and Найдьонова, Л. А. and Григоровська, Л. В.},
  title = {Електронний бюлетень "Моніторинг професійного самоздійснення в умовах упровадження Національної рамки кваліфікацій" (Генерація бюлетеня. НРК)},
  type = {invcert},
  number = {64077},
  location = {Україна},
  requestnumber = {84532},
  date = {2015-12-15},
  registrationdate = {2016-02-12},
%  publicationdate = {2016-04-30},
  publication = {Бюл. №~40},
  numpages = {2},
  language = {ukrainian},
}

@PATENT{as8,
  author = {Найдьонов, І. М. and Найдьонов, М. І. and Найдьонова, Л. А. and Григоровська, Л. В.},
  title = {Тест імпліцитних асоціацій професійного самоздійснення он-лайн (Професійне самоздійснення. НРК. ІАТ)},
  type = {invcert},
  number = {64078},
  location = {Україна},
  requestnumber = {84533},
  date = {2015-12-15},
  registrationdate = {2016-02-12},
%  publicationdate = {2016-04-30},
  publication = {Бюл. №~40},
  numpages = {2},
  language = {ukrainian},
}

@PATENT{as9,
  author = {Найдьонов, І. М. and Найдьонов, М. І. and Найдьонова, Л. А.},
  title = {Опитувальник професійного самоздійснення на основі загальних соціально-психологічних показників. НРК: компетентності, рівні кваліфікації (Професійне самоздійснення. НРК)},
  type = {invcert},
  number = {64079},
  location = {Україна},
  requestnumber = {84534},
  date = {2015-12-15},
  registrationdate = {2016-02-12},
%  publicationdate = {2016-04-30},
  publication = {Бюл. №~40},
  numpages = {2},
  language = {ukrainian},
}

@PATENT{as10,
  author = {Найдьонов, І. М. and Найдьонов, М. І. and Григоровська, Л. В.},
  title = {Управління виконанням технічного завдання опитуванням  (Управління виконанням ТЗ опитування)},
  type = {invcert},
  number = {64080},
  location = {Україна},
  requestnumber = {84535},
  date = {2015-12-15},
  registrationdate = {2016-02-12},
%  publicationdate = {2016-04-30},
  publication = {Бюл. №~40},
  numpages = {2},
  language = {ukrainian},
}

@PATENT{as11,
  author = {Найдьонов, І. М. and Найдьонов, М. І. and Григоровська, Л. В.},
  title = {Динамічний показник виконання технічного завдання опитування  (Виконання ТЗ опитування)},
  type = {invcert},
  number = {64081},
  location = {Україна},
  requestnumber = {84536},
  date = {2015-12-15},
  registrationdate = {2016-02-12},
%  publicationdate = {2016-04-30},
  publication = {Бюл. №~40},
  numpages = {2},
  language = {ukrainian},
}

@PATENT{as12,
  author = {Найдьонов, І. М. and Найдьонов, М. І. and Григоровська, Л. В.},
  title = {Модуль  самореєстрації для тестування професійного самоздійснення за власною ініціативою (Самореєстрація. НРК)},
  type = {invcert},
  number = {64082},
  location = {Україна},
  requestnumber = {84537},
  date = {2015-12-15},
  registrationdate = {2016-02-12},
%  publicationdate = {2016-04-30},
  publication = {Бюл. №~40},
  numpages = {2},
  language = {ukrainian},
}

@PATENT{as13,
  author = {Найдьонов, І. М. and Найдьонов, М. І. and Григоровська, Л. В.},
  title = {Модуль  генерації кодів-паролей для тестування професійного самоздійснення за запитом інтерв’юера (Генерації кодів-паролей. НРК)},
  type = {invcert},
  number = {64083},
  location = {Україна},
  requestnumber = {84538},
  date = {2015-12-15},
  registrationdate = {2016-02-12},
%  publicationdate = {2016-04-30},
  publication = {Бюл. №~40},
  numpages = {2},
  language = {ukrainian},
}

@PATENT{as14,
  author = {Найдьонов, І. М. and Найдьонов, М. І. and Григоровська, Л. В.},
  title = {Техніка продовження перерваного он-лайн тестування професійного самоздійснення (Продовження тестування. НРК)},
  type = {invcert},
  number = {64084},
  location = {Україна},
  requestnumber = {84539},
  date = {2015-12-15},
  registrationdate = {2016-02-12},
%  publicationdate = {2016-04-30},
  publication = {Бюл. №~40},
  numpages = {2},
  language = {ukrainian},
}

@PATENT{as15,
  author = {Найдьонов, І. М. and Найдьонов, М. І. and Найдьонова, Л. А. and Григоровська, Л. В. and Найдьонова, Л. М.},
  title = {Мультимедійне он-лайн тестування імпліцитного ставлення виборців до кандидатів (ІАТ вибори)},
  type = {invcert},
  number = {64085},
  location = {Україна},
  requestnumber = {84540},
  date = {2015-12-15},
  registrationdate = {2016-02-12},
%  publicationdate = {2016-04-30},
  publication = {Бюл. №~40},
  numpages = {2},
  language = {ukrainian},
}
