@ARTICLE{art1,
  author = {Найдьонов, І. М.},
  title = {Топологічна евристика в розв’язанні проблеми маршрутизації транспортних засобів (VRP)},
  journal = {ScienceRise},
  year = {2015},
  volume = {6},
  number = {2(11)},
  pages = {52--58},
  url = {http://dx.doi.org/10.15587/2313-8416.2015.44381},
  doi = {10.15587/2313-8416.2015.44381},
  language = {ukrainian},
}

@ARTICLE{eng_art1,
	author = {Naydonov, Ivan},
	origtitle = {Topolohichna evrystyka v rozv'yazanni problemy marshrutyzatsiyi transportnykh zasobiv (VRP)},
	title = {The topological heuristic in vehicle routing problem (VRP)},
	journal = {ScienceRise},
	year = {2015},
	volume = {6},
	number = {2(11)},
	pages = {52--58},
	url = {http://dx.doi.org/10.15587/2313-8416.2015.44381},
	doi = {10.15587/2313-8416.2015.44381},
	note = {In Ukrainian},
	language = {english},
}

@ARTICLE{art6,
	author = {Naydonov, Ivan},
	title = {Applying intelligent reflex systems and convolutional neural networks voice commands classification methods to vehicle dispatching support systems},
	journal = {Helyon},
	year = {2019},
	%volume = {},
	%pages = {},
	%doi = {},
	language = {english},
	note = {In press},
}

@ARTICLE{art8,
	author = {Naydonov, Ivan},
	title = {Comparison of efficiency of convolution neural networks and intelligent reflex systems for voice interaction formalization},
	journal = {American Journal of Engineering Research},
	year = {2019},
	volume = {8},
	issue = {5},
	pages = {99--108},
	url = {http://ajer.org/papers/Vol-8-issue-5/M080599108.pdf},
	language = {english},
}

@Thesis{thesis1,
  author = {Найдьонов, Іван Михайлович},
  title = {Аналіз та дослідження можливостей побудови системи попередньої оцінки корисності ознак при синтезі систем медичної діагностики великої розмірності},
  institution = {Національний технічний університет України «Київський політехнічний інститут»},
  year = {2013},
  type = {дип. ... бак.},
  majorcode = {6.050101},
  numpages = {51},
  location = {К.},
  language = {ukrainian},
}

@Thesis{thesis2,
  author = {Найдьонов, Іван Михайлович},
  title = {Маршрутизація доставки лікарських засобів з урахуванням топології дорожньої мережі},
  institution = {Національний технічний університет України «Київський політехнічний інститут»},
  year = {2015},
  type = {mathesis},
  majorcode = {8.05010101},
  numpages = {117},
  location = {К.},
  language = {ukrainian},
}

@online{code1,
	author = {Naydonov, Ivan},
	title = {GitHub repository samogot/intelegent-reflex-system-voice-interaction: Voice Interaction Intelegent Reflex System},
	date = {2018-07-20},
	url = {https://github.com/samogot/intelegent-reflex-system-voice-interaction},
	language = {english},
}

@online{code2,
	author = {Naydonov, Ivan},
	title = {GitHub repository samogot/cnn-phoneme-classification-tf: Convolutional Neural Network for Phoneme Classification in Tensorflow},
	date = {2018-11-09},
	url = {https://github.com/samogot/cnn-phoneme-classification-tf},
	language = {english},
}

@online{code3,
	author = {Naydonov, Ivan},
	title = {GitHub repository samogot/PhraseRecorder: Android application for recording labeled voice phrases data},
	date = {2018-11-09},
	url = {https://github.com/samogot/PhraseRecorder},
	language = {english},
}

@article{dataset1,
	author = {Naydonov, Ivan},
	title={Voice samples and phoneme representations of commands according to script tree voice interaction model for the system of dispatch control of vehicle traffic},
	journal = {Mendeley Data},
	date = {2018},
	note = {v1},
	doi = {10.17632/pv2h84p7sf.1},
	language = {english},
}