@ARTICLE{art2,
	author = {Найдьонов, І. М.},
	title = {Проблема голосової взаємодії в задачах управління дистрибуцією},
	journal = {Вісник Черкаського державного технологічного університету. Серія: Технічні науки},
	year = {2016},
	number = {3},
	pages = {63--71},
	url = {http://visnyk.chdtu.edu.ua/images/tech/3_2016/63-71_Найдьонов.pdf},
	language = {ukrainian},
}

@ARTICLE{eng_art2,
	author = {Naydonov, Ivan},
	origtitle = {Problema holosovoi vzaiemodii v zadachakh upravlinnia dystrybutsiieiu},
	title = {The problem of voice interaction in the distribution management tasks},
	origjournal = {Visnyk Cherkaskoho derzhavnoho tekhnolohichnoho universytetu. Seriia: Tekhnichni nauky},
	journal = {Cherkasy state technological university journal. Series: Engineering},
	year = {2016},
	volume = {3},
	pages = {63--71},
	url = {http://visnyk.chdtu.edu.ua/images/tech/3_2016/63-71_Найдьонов.pdf},
	note = {In Ukrainian},
	language = {english},
}

@ARTICLE{art3,
	author = {Найдьонов, І. М.},
	title = {Модель голосової взаємодії водія в системах диспетчерського контролю за рухом автотранспорту},
	journal = {Комп’ютерно-інтегровані технології: освіта, наука, виробництво},
	year = {2018},
	number = {33},
	pages = {121--127},
	url = {http://ki.lutsk-ntu.com.ua/node/140/section/19},
	language = {ukrainian},
}

@ARTICLE{eng_art3,
	author = {Naydonov, Ivan},
	origtitle = {Model holosovoi vzaiemodii vodiia v systemakh dyspetchers koho kontroliu za rukhom avtotransportu},
	title = {Model of voice interaction of the driver in the systems of dispatching control over the movement of vehicles},
	origjournal = {Kompiuterno-intehrovani tekhnolohii: osvita, nauka, vyrobnytstvo},
	journal = {Computer Integrated Technologies: Education, Science, Production},
	year = {2018},
	volume = {33},
	pages = {121--127},
	url = {http://ki.lutsk-ntu.com.ua/node/140/section/19},
	note = {In Ukrainian},
	language = {english},
}

@ARTICLE{art4,
	author = {Найдьонов, І. М.},
	title = {Формалізація голосової інформації в системах диспетчерського контролю за рухом автотранспорту},
	journal = {Наукові нотатки},
	year = {2018},
	number = {64},
	pages = {135--140},
%	url = {},
	language = {ukrainian},
}

@ARTICLE{eng_art4,
	author = {Naydonov, Ivan},
	origtitle = {Formalizatsiia holosovoi informatsii v systemakh dyspetchers koho kontroliu za rukhom avtotransportu},
	title = {Formalization of voice information in the systems of dispatching control over the movement of vehicles},
	origjournal = {Naukovi notatky},
	journal = {Scientific notes},
	year = {2018},
	volume = {64},
	pages = {135--140},
%	url = {},
	note = {In Ukrainian},
	language = {english},
}

@ARTICLE{art5,
	author = {Найдьонов, І. М.},
	title = {Порівняння ефективності двох методів формалізації голосової взаємодії},
	journal = {Вісник НТУ «ХПІ», Серія: Нові рішення в сучасних технологіях},
	year = {2018},
	number = {45 (1321)},
	pages = {104--112},
	doi = {10.20998/2413-4295.2018.45.14},
}

@ARTICLE{eng_art5,
	author = {Naydonov, Ivan},
	origtitle = {Porivnyannya efektyvnosti dvokh metodiv formalizatsiyi holosovoyi vzayemodiyi},
	title = {Comparison of efficiency of two methods of voice interaction formalization},
	origjournal = {Visnyk NTU "KhPI", Seriya: Novi rishennya v suchasnykh tekhnolohiyakh},
	journal = {Bulletin of NTU "KhPI". Series: New solutions in modern technologies},
	year = {2018},
	volume = {45 (1321)},
	pages = {104--112},
	doi = {10.20998/2413-4295.2018.45.14},
	note = {In Ukrainian},
	language = {english},
}

@ARTICLE{art6,
	author = {Naydonov, Ivan},
	title = {Applying intelligent reflex systems and convolutional neural networks voice commands classification methods to vehicle dispatching support systems},
	journal = {Helyon},
	year = {2019},
	%volume = {},
	%pages = {},
	%doi = {},
	language = {english},
	note = {In press},
}

@ARTICLE{art7,
	author = {Naydonov, Ivan},
	title = {Development of voice information formalization in motor transport dispatching control systems},
	journal = {Problems of information technologies},
	year = {2018},
	number = {02 (24)},
	pages = {5--16},
	%doi = {},
	language = {english},
}

@ARTICLE{art8,
	author = {Naydonov, Ivan},
	title = {Comparison of efficiency of convolution neural networks and intelligent reflex systems for voice interaction formalization},
	journal = {American Journal of Engineering Research},
	year = {2019},
	volume = {8},
	issue = {5},
	pages = {99--108},
	url = {http://ajer.org/papers/Vol-8-issue-5/M080599108.pdf},
	language = {english},
}
