%%% Книга одного автора:
@BOOK{dstu1,
  author = {Андреев, В. В.},
  title = {Как организовать делопроизводство на предприятии},
  address = {М.},
  publisher = {ИНФРА-М},
  year = {1997},
  numpages = {94},
  language = {russian}
}
% Андреев, В. В. Как организовать делопроизводство на предприятии [Текст] / В. В. Андреев. — М. : ИНФРА-М, 1997. — 94 с.

%%% Книга двух авторов:
@BOOK{dstu2,
  author = {Белов, А. В. and Николаев, В. Н.},
  title = {Финансы и кредит},
  subtitle = {учеб.},
  credits = {КНУ им. Т. Г. Шевченко},
  address = {К.},
  publisher = {Университет},
  year = {2004},
  numpages = {215},
  isbn = {5-7042-1441-Х},
  language = {russian}
}
% Белов, А. В. Финансы и кредит [Текст] : учеб. / А. В. Белов, В. Н. Николаев ; КНУ им. Т. Г. Шевченко. —К. : Университет, 2004.— 215 с.— Библиогр. : с. 213—215. — ISBN 5-7042-1441-Х.

%%% Книга трех авторов:
@BOOK{dstu3,
  author = {Агафонова, Н. Н. and Богачева, Т. В. and Глушкова, Л. И.},
  title = {Гражданское право},
  subtitle = {учеб, пособие},
  editor = {Калпина, А. Г.},
  credits = {МОН Украины.},
  edition = {2-е изд., перераб. и доп.},
  address = {X.},
  publisher = {Фактор},
  year = {2000},
  numpages = {542},
  series = {Университетская книга},
  language = {russian}
}
% Агафонова, Н. Н. Гражданское право [Текст] : учеб, пособие / Н. Н. Агафонова, Т. В. Богачева, Л. И. Глушкова ; под общ. ред. А. Г. Калпина ; МОН Украины. — 2-е изд., перераб. и доп. — X. : Фактор, 2000. — 542 с. — (Университетская книга).

%%% Книга четырех авторов:
% Елементи iнформатики [Текст] : довідник / В. С. Височанський, А. I. Кардаш, В. С. Костев, В. В. Черняхівський . — К. : Наук, думка, 2003. - 192 с.

%%% Книга пяти авторов и более:
% Коротковолновые антенны [Текст] : учеб, пособие / Г. 3. Айзенберг, С. П. Белоусов, Я. М. Журбин и др. ; под общ. ред. А. А. Стогния. — 2-е изд. — М. : Радио и связь, 2003. — 192 с.

%%% Переводное издание:
% Нойман, Э. Происхождение и развитие сознания [Текст] : пер. с англ. — К. : Ваклер ; М. : Реал-бук, 1998. —462с.

%%% Книги под заглавием:
% Информационные технологии в маркетинге [Текст] : учеб. / под ред. Г. А. Титаренко. — М. : ЮНИТИ, 2000. — 335 с. — (Texbook). — 13ВК 5-238-00154-1

%%% Многотомное издание, отдельный том:
% Савельев, И.В. Курс общей физики [Текст]. Т. 1. Механика. Молекулярная физика : учеб, пособие / И. В. Савельев. -—• 2-е изд., перераб. — М. : Наука, 1982. — 432 с.

%%% Статьи из журналов:
% Гончаров, В. А. Численная схема моделирования дозвуковых течений вязкого сжимаемого газа [Текст] / В. А. Гончаров, В. М. Кравцов // Журн. вычисл. математики и мат. физики. — 1988. —Т. 28, №12.— С. 1858—1866.
% Анализ направляемого движения электрической дуги по массивному электроду, покрытому тонким слоем изолятора [Текст] // Приклад, физика. — 2001. — № 3. — С. 58—67.

%%% Сборники научных трудов:
% Отчет о выполнении плана научно-исследовательских работ за 2003 год [Текст] : сб. науч. тр. / Рос. Акад. мед. паук, Сиб. отд. — Новосибирск : СО РАМН, 2004. — 83 с.

%%% Тезисы конференций:
% Образование, наука, производство: пути углубления интеграции и повышения качества инженерного образования [Текст] : тез. докл. науч.-практ. конф. (окт. 2000) / отв. ред. В. Г. В до вен ко. — Красноярск : САА, 2000. - 53 с.

%%% Материалы конференций:
% Проблемы экономики, организации и управления реструктуризацией и развитием предприятий промышленности, сферы услуг и коммунального хозяйства [Текст] : материалы IV междунар. науч.-практ. конф., 30 марта 2005 г. Новочеркасск / рсдкол. : Б. Ю. Серебряков (отв. ред.). — Новочеркасск : Темп, 2005. — 58 с.

%%% Стандарты, технико-экономические и технические документы:
% ГОСТ Р 517721-2001. Аппаратура радиоэлектронная бытовая. Входные и выходные параметры и типы соединений. Технические требования [Текст] . — Введ. 2002-01-01. — М. : Изд-во стандартов, 2001. — 27 с.
% Инструкция по проектированию, строительству и эксплуатации гидротехнических сооружений на подрабатываемых горными работами территориях [Текст  : СП 522-85. — Утв. Госстроем СССР 03.05.86. — Изд. офиц. — М. : Стройиздат. 1986. — 32 с.

%%% Авторские свидетельства, патенты:
% А. с. 1007970 СССР, МПК В 25 .1 15/00. Устройство для захвата деталей [Текст] / Ваулин В. С., Калов В. К. (СССР). — 3360585/25-08 ; заявл. 23.11.81 ; опубл. 30.03.83, Бюл. № 12. — 2 с.
% Приемопередающее устройство [Текст] : пат. 2187888 Рос. Федерация: МПК7 Н 04 В 1/38, Н 04 .1 13/ 00 / Чугаева В. И., ; заявитель и патентообладатель Воронеж, науч.-исслед. ин-т связи.—№2000131736/09 ; заявл. 18.12.00 ; опубл. 20.08.02, Бюл. № 32. — 3 с.

%%% Отчеты о НИР:
% Оценка эффективности автоматизированных ИПС [Текст] : отчет о НИР (промежуточ.) / ВНТИЦентр ; рук. М. И. Иванов. — ОД 02604-И5В ; ГР 01821100006 ; Инн. Б452743. — М., 1982.— 90с.

%%% Диссертации:
% Антопольский, А. Б. Лингвистическое описание и оценка информационных языков [Текст] : дис. ... канд. филол. наук / А. Б. Антопольский. — М., 1969. — 404 с.

%%% Авторефераты диссертаций:
% Бутковский, О. Я. Обратные задачи хаотичной динамики и проблемы предсказуемости хаотичных процессов [Текст] : автореф. дис. ... д-ра физ.-мат. наук : 01.04.03 / О. Я. Бутковский ; [Ин-т радиотехники и электроники РАН] . — М., 2004. — 39 с.

%%% Электронные ресурсы:
%%%% Удаленного доступа:
% Основные направления исследований, основанные на семантическом анализе текстов [Электронный ресурс] / С.-Петерб. гос. ун-т, фак. прикладной математики - процессов управления.— Режим доступа : \www/ URL: http://арmath.spdu/ru/ru/staff/tuzov/onapr.html/ — 10.12.2004 г. — Загл. с экрана.

%%% Локального доступа:
% Internet шаг за шагом [Электронный ресурс] : интеракт. учеб. — Электрон, дан. и прогр. -СПб. : Питер Ком, 1997. — 1 электрон, опт. диск (CD-ROM). — Систем, требования : ПК от 486 DХ 66 МГц ; RАМ 1616 Мб ; Windows 95 ; зв. плата. — Загл. с этикетки диска.