@inproceedings{O0396, author = {Naydonov, Mykhaylo and Naydonova, Lyubov and Grygorovska, Lyubov}, title = {The vision of economic and political realities in group-reflexive approach}, booktitle = {Political and Economic Self-Constitution:  Citizenship Identity and Education }, booksubtitle = {Proceedings of the V international scientific and practical seminar, Corinth, May 26th, 2017}, editor = {Bondarevska, Iryna and Karakatsani, Despina}, address = {Kyiv}, publisher = {Tipogr. "Advance"}, year = {2017}, pages = {73--78}, isbn = {978-617-7250-95-0}, language = {english}}





@ARTICLE{Kravchenko_2009,
  author = {Кравченко, А. П. and Крамарь, Н. М. and Морозов, И. В.},
  title = {Автоматизированная компьютерная система голосового управления автомобилем},
  journal = {Автомобильный транспорт},
  year = {2009},
  number = {25},
  pages = {44--47},
  language = {russian}
}

@ARTICLE{Kravchenko_2012,
  author = {Кравченко, А. П. and Терещенко, Т. М. and Морозов, И. В.},
  title = {Автоматизированная компьютерная система для интерактивного общения с водителем},
  journal = {Автомобильный транспорт},
  year = {2012},
  number = {30},
  pages = {54--58},
  language = {russian}
}

@misc{Gonzalez_2013,
  title = {GPS-based data production in urban freight distribution}, 
  publisher = {Nova Science}, 
  author = {Gonzalez-Feliu, Jesus and Pluvinet, Pascal and Serouge, Marc and Gardrat, Mathieu},
  year = {2013}, 
  month = {Jun},
  numpages = {20},
  language = {english}
}

@inproceedings{Comendador_2012,
  author = {Comendador, Julio Arquero and López-Lambas, Maria Eugenia and Monzón de Cáceres, Andrés}, 
  title = {A GPS analysis for urban freight distribution}, 
  publisher = {E.T.S.I. Caminos, Canales y Puertos (UPM)}, 
  booktitle = {The Seventh International Conference on City Logistics},
  year = {2012}, 
  month = {Jun},
  url = {http://dx.doi.org/10.1016/j.sbspro.2012.03.127},
  doi = {10.1016/j.sbspro.2012.03.127},
  language = {english}
}

@report{Quak_2006,
  title = {Urban Distribution: The Impacts of Different Governmental Time-Window Schemes}, 
  institution = {Erasmus Research Institute of Management (ERIM)}, 
  author = {Quak, Hans and de Koster, René}, 
  year = {2006}, 
  month = {Sep},
  numpages = {15},
  language = {english}
}

@inproceedings{Heisterkamp_2001,
  author = {Heisterkamp, Paul},
  title = {Linguatronic Product-level Speech System for Mercedes-Benz Cars},
  booktitle = {Proceedings of the First International Conference on Human Language Technology Research},
  series = {HLT '01},
  year = {2001},
  location = {San Diego},
  pages = {1--2},
  numpages = {2},
  url = {http://dx.doi.org/10.3115/1072133.1072199},
  doi = {10.3115/1072133.1072199},
  acmid = {1072199},
  publisher = {Association for Computational Linguistics},
  address = {Stroudsburg, PA, USA},
  language = {english}
}

@BOOK{Jonsson_2009,
  author = {Jonsson, Ing-Marie},
  title = {Social and Emotional Characteristics of Speech-based In-Vehicle Information Systems : Impact on Attitude and Driving Behaviour},
  publisher = {Linköping University Electronic Press},
  address = {Linköping},
  year = {2009},
  numpages = {193},
  language = {english}
}

@BOOK{Baumann_2012,
  author = {Baumann, Hannes}, 
  title = {Order Picking Supported by Mobile Computing},
  publisher = {University of Bremen},
  address = {Bremen},
  year = {2012},
  numpages = {190},
  language = {english}
}



@article{Volkov_2014,
  author={Волков, А. В.},
  title={Анализ существующих методов распознавания на инвариантность к фоновым помехам и дикции диктора},
  journal={Известия Тульского государственного университета. Технические науки},
  year={2014},
  pages={6},
  volume={9-2},
  url = {http://doi.acm.org/10.14489/vkit.2016.05.pp.021-028},
  doi = {10.14489/vkit.2016.05.pp.021-028},
  language = {russian}
}

@article{Makovkin_2006,
  author={Маковкин, К. А.},
  title={Гибридные модели: скрытые марковские модели и нейронные сети, их применение в системах распознавания речи},
  journal={Модели, методы, алгоритмы и архитектуры систем распознавания речи},
  publisher = {Изд-во «Вычислительный центр им. А.А. Дородницына РАН»},
  address = {М.},
  year={2006},
  language = {russian}
}

@article{Gefke_2012,
  author={Гефке, Д. А. and Зацепин, П. М.},
  title={Применение скрытых марковских моделей для распознавания звуковых последовательностей},
  journal={Известия Алтай. гос. ун-та. Барнаул},
  year={2012},
  language = {russian}
}

@article{Hinton_2012,
  author = {Hinton, Geoffrey and Deng, Li and Yu, Dong and Dahl, George and  Mohamed, Abdel-rahman and Jaitly, Navdeep and Senior, Andrew and Vanhoucke, Vincent and Nguyen, Patrick and Sainath, Tara and Kingsbury, Brian},
  title = {Deep Neural Networks for Acoustic Modeling in Speech Recognition},
  journal={IEEE, SIGNAL PROCESSING MAGAZINE},
  year = {2012},
  language = {english}
}

@article{Saini_2013,
  author = {Saini, Preeti and Kaur, Parneet},
  title = {Automatic Speech Recognition: A Review},
  journal={International Journal of Engineering Trends and Technology},
  year = {2013},
  volume={4},
  number = {2},
  language = {english}
}

@article{Korsun_2013,
  author={Корсун, О. Н. and Яцко, А. А. and Финаев, И. М. and Чучупал, В. Я.},
  title={Экспериментальное исследование влияния акустических помех разных видов на результаты автоматического распознавания речевых команд},
  journal={Наука и образование: научное издание МГТУ им. Н.Э. Баумана},
  year={2013},
  pages={12},
  volume={01},
  language = {russian}
}

@article{Bondaros_2007,
  author={Бондарос, Ю. Г. and Маковкин, К. А. and Чучупал, В. Я.},
  title={Система распознавания команд речевого интерфейса пилота для интегрированной модульной авионики},
  journal={Вестник компьютерных и информационных технологий},
  year={2007},
  pages={2--13},
  volume={4},
  language = {russian}
}



@inproceedings{Kumazaki_2016,
  author = {Kumazaki, H.  and Yoshikawa, Y. and Matsumoto, Y. and Miyao, M. and Ishiguro, H. and Muramatsu, T. and Mimura, M.},
  title = {Robot-Mediated Interventions for Social Anxiety in Individuals with Autism Spectrum Disorder},
  booktitle = {2016 International Meeting for Autism Research},
  series = {IMFAR 2016},
  pages = {270--271},
  year = {2016},
  month = {May},
  language = {english}
}

@inproceedings{Park_2015,
  author = {Park, Yunhee and Itakura, Shoji and Henderson, Annette M.E. and Kanda, Takayuki and Furuhata, Naoki and Ishiguro, Hiroshi},
  title = {Do Infants Consider a Robot As a Social Partner in Collaborative Activity?},
  booktitle = {Proceedings of the 3rd International Conference on Human-Agent Interaction},
  series = {HAI '15},
  year = {2015},
  month = {Oct},
  isbn = {978-1-4503-3527-0},
  location = {Daegu, Kyungpook, Republic of Korea},
  pages = {91--95},
  numpages = {5},
  url = {http://doi.acm.org/10.1145/2814940.2814953},
  doi = {10.1145/2814940.2814953},
  acmid = {2814953},
  publisher = {ACM},
  address = {New York, NY, USA},
  keywords = {agent, collaborative activities, human-robot interaction, infants' social cognition, robot, social interaction},
  language = {english}
}

@Article{Nishio_2015,
  author =   {Nishio, Shuichi and Minato, Takashi and Ishiguro, Hiroshi},
  title =    {Using Androids to Provide Communication Support for the Elderly},
  journal =  {New Breeze},
  year =     {2015},
  volume =   {27},
  number =   {4},
  pages =    {14--17},
  month =    {Oct},
  day =      {9},
  file =     {Nishio2015c.pdf:pdf/Nishio2015c.pdf:PDF},
  url =      {https://www.ituaj.jp/wp-content/uploads/2015/10/nb27-4_web_05_ROBOTS_usingandroids.pdf},
  language = {english}
}

@article {Ishiguro_2016,
  author = {Ishiguro, Hiroshi},
  title = {Adaptation to teleoperated robots},
  journal = {International Journal of Psychology},
  volume = {51},
  issue = {S1},
  issuetitle = {31st International Congress of Psychology, 24–29 July 2016, Yokohama, Japan},
  publisher = {John Wiley & Sons, Ltd},
  issn = {1464-066X},
  url = {http://dx.doi.org/10.1002/ijop.12361},
  doi = {10.1002/ijop.12361},
  pages = {10},
  year = {2016},
  language = {english}
}



@ARTICLE{Egorchenkov_2016,
  author = {Егорченков, А. В.},
  title = {Прикладное применение рефлекторной системы голосового управления},
  journal = {Управління розвитком складних систем},
  address = {К.},
  year = {2016},
  number = {25},
  pages = {103--107},
  language = {russian}
}

@BOOK{Teslia_2010,
  author = {Тесля, Ю. М.},
  address = {К.},
  publisher = {Маклаут},
  title = {Введення в інформатику природи},
  year = {2010},
  numpages = {255},
  language = {ukrainian}
}

@BOOK{Teslia_2005,
	author = {Тесля, Ю. Н.},
	address = {К.},
	publisher = {Кондор},
	title = {Несиловые взаимодействия},
	year = {2005},
	numpages = {196},
	language = {russian}
}

@inproceedings{Teslia_2014,
  author = {Teslia, Iurii and Popovych, Nataliia and Pylypenko, Valerii and Chornyi, Oleksandr},
  title = {The Non-Force Interaction Theory for Reflex System Creation with Application to TV Voice Control},
  booktitle = {Proceedings of the 6th International Conference on Agents and Artificial Intelligence},
  year = {2014},
  pages = {288-296},
  doi = {10.5220/0004754702880296},
  isbn = {978-989-758-015-4},
  language = {english},
}

@ARTICLE{Teslia_2013,
  author = {Тесля, Ю. М. and Чорний, О.Ю.},
  title = {Рефлекторная система голосового управления техническими устройствами (РСГУ)},
  journal = {Управління розвитком складних систем},
  address = {К.},
  year = {2013},
  number = {15},
  pages = {105--110},
  language = {russian}
}

@inproceedings{Teslia_2013_3,
	author = {Тесля, Ю. М.},
	title = {Ифрон (интроформационный нейрон) –
	базовый элемент рефлекторных интеллектуальных систем},
	booktitle = {Матеріали Другої Міжнародної науково-технічної конференції «Обчислювальний інтелект (ОІ-2013)». 14--17 травня 2013 р. м. Черкаси, Україна},
	year = {2013},
	address = {Черкаси},
	language = {russian}
}

@ARTICLE{Teslia_2010_2,
	author = {Тесля, Ю. М. and Каюк, П. В. and Чернова, М. Л.},
	title = {Операции над содержательной информацией в рефлекторных интеллектуальных системах},
	journal = {Управління розвитком складних систем},
	address = {К.},
	year = {2010},
	number = {2},
	pages = {31-35},
	language = {russian}
}

@inproceedings{Teslia_2012,
  author = {Тесля, Ю. М.},
  title = {Теория несилового взаимодействия и ее приложения к построению   систем голосового управления техническими устройствами},
  booktitle = {Міжнародна науково-технічна конференція «Комп’ютерні науки: освіта, наука, практика»},
  year = {2012},
  month = {Jul},
  address = {Миколаїв, НУК},
  language = {russian}
}

@inproceedings{Teslia_2013_2,
  author = {Тесля, Ю. М. and Чорний, О.Ю.},
  title = {Приложение теории несилового взаимодействия к построению системы голосового управления},
  booktitle = {XІ Міжнародна науково-технічна конференція «АВІА-2013»},
  year = {2013},
  month = {May},
  language = {russian},
}

@inproceedings{Teslia_2015,
  author = {Тесля, Ю. М. and Єгорченков, А. В. and Єгорченкова, Н. Ю.},
  title = {Система голосового управления на базе теориии несилового взаимодействия},
  booktitle = {ІІІ міжнародна науково–практична конференції «Обчислювальний інтелект (результати, проблеми, перспективи)»},
  year = {2015},
  month = {May},
  address = {Київ-Черкаси},
  pages = {261--262},
  language = {russian},
}

@ARTICLE{Pylypenko_2009,
  author = {Пилипенко, В. В.},
  title = {Распознавание ключевых слов в потоке речи при помощи фонетического стенографа},
  journal = {Речевые технологии},
  year = {2009},
  number = {1},
  pages = {75--79},
  language = {russian}
}

@ARTICLE{Pylypenko_2008,
	author = {Пилипенко, В. В. and Робейко, В. В.},
	title = {Автоматизированный стенограф украинской речи},
	journal = {Штучний інтелект},
	year = {2008},
	number = {4},
	pages = {768--775},
	language = {russian}
}


@BOOK{Naydonov_2008,
  author = {Найдьонов, М. І.}, 
  title = {Формування системи рефлексивного управління в організаціях},
  publisher = {Міленіум},
  address = {К.},
  year = {2008},
  numpages = {484},
  language = {ukrainian}
}

@BOOK{Huang_2001,
	author = {Huang, X. and Acero, A. and Hon, H.-W.}, 
	title = {Spoken Language Processing. Guide to Algorithms and System Developmen},
	publisher = {Prentice Hal},
	year = {2001},
	numpages = {980},
	language = {english}
}

@book{Сергиенко_2002,
	author = {Сергиенко, А. Б}, 
	title = {Цифровая обработка сигналов},
	publisher = {Питер},
	address = {СПб.},
	year = {2002},
	numpages = {608},
	language = {russian}
}

@article {Huang_1998,
	author = {Huang, N. E. and Zheng, Shen and Steven, R. L.},
	title = {The empirical mode decomposition and the Hilbert spectrum for nonlinear and
non-stationary time series analysis},
	journal = {Proceedings of
the Royal Society of London A},
	volume = {454},
	pages = {903--995},
	year = {1998},
	language = {english}
}

@article {Tychkov_2013,
	author = {Tychkov, A. Yu.},
	title = {The software solutions of the problems of the biomedical information processing},
	journal = {Модели, системы, сети в экономике, технике, природе и обществе},
	number = {5},
	pages = {114-116},
	year = {2013},
	language = {english}
}

@inbook {Huang_2013,
	author = {Huang, E. Huang and Shen, Samuel S. P.},
	title = {Hilbert-Huang Transform and its application. Interdisciplinary mathematical sciences},
	booktitle = {Interdisciplinary Mathematical Sciences.
Book 5. World Scientific Publishing Company},
	numpages = {324},
	year = {2005},
	language = {english}
}

@article {Козлов_2013,
	author = {Козлов, А. С. and Малышев, В. Н.},
	title = {Кепстральный анализ в задачах слепой оценки скорости передачи цифровых данных},
	journal = {Радиотехника},
	number = {7},
	pages = {67--71},
	year = {2012},
	language = {russian}
}

@article {Любимов_1995,
	author = {Любимов, А. and Евсиков, М.},
	title = {Линейное предсказание речи – это просто},
	journal = {Монитор},
	number = {4},
	pages = {30--35},
	year = {1995},
	language = {russian}
}

@book{Баскаков_2001,
	author = {Баскаков, С. И.}, 
	title = {Радиотехнические цепи и сигналы},
	publisher = {Высш. шк.},
	address = {М.},
	year = {2001},
	numpages = {214},
	language = {russian}
}

@book{Чураков_2014,
	author = {Чураков, П. П. and Тычков, А. Ю. and Алимурадов, А. К.}, 
	title = {Изучение методов анализа и обработки сигналов : учеб. пособие : в 2 ч. Ч. 1. Современные методы обработки речевых сигналов},
	publisher = {Изд-во ПГУ},
	address = {Пенза},
	year = {2014},
	numpages = {72},
	language = {russian}
}

@article {Огнев_2013,
	author = {Огнев, И. В. and Парамонов, П. А.},
	title = {Распознавание речи методами скрытых марковских моделей в ассоциативной осцилляторной среде},
	journal = {Известия высших учебных
заведений. Поволжский регион. Технические науки},
	number = {3 (27)},
	pages = {115--126},
	year = {2013},
	language = {russian}
}

@book{Моттль_1999,
	author = {Моттль, В. and Мучник, И.}, 
	title = {Скрытые марковские модели в структурном анализе сигналов},
	publisher = {Физматлит},
	address = {М.},
	year = {1999},
	numpages = {352},
	language = {russian}
}

@inproceedings {Goldenstein_2013,
	author = {Goldenstein, S. and Gomes, J.},
	title = {Time warping of audio signals},
	booktitle = {Computer
Graphics International, 1999. Proceedings},
	pages = {52-57},
	year = {1999},
	language = {english}
}

@article {Алимурадов_2015,
	author = {Алимурадов, А. К. and Чураков, П. П. },
	title = {Обзор и классификация методов обработки речевых сигналов в системах распознавания
речи},
	journal = {Измерение. Мониторинг. Управление. Контроль},
	number = {2 (12)},
	pages = {27--35},
	year = {2015},
	language = {russian}
}

@Thesis{Майдан_2007,
	author = {Майдан, В'ячеслав Володимирович},
	title = {Дослідження способів обробки звуку. Вейвлет-перетворення},
	institution = {Донецький національний технічний університет},
	year = {2007},
	type = {автореф. дис. ... маг.},
	language = {ukrainian},
}




@online{Pick-to-Voice,
  title={Pick-to-Voice. Increased Productivity, Accuracy and Flexibility},
  credits={Dematic Global Website},
  url = {http://dematic.com/en/supply-chain-solutions/by-technology/voice-and-light-systems/pick-to-voice/},
  language = {english}
}

@online{Introformatika,
  title={Сайт «Інтроформатика»},
  url = {http://introformatika.org.ua/},
  language = {russian}
}



@report{Scott_2009,
  title={Improving Freight Movement in Delaware Central Business Districts},
  author={Scott, Marcia and O'Donnell, Edward and Anderka, Sebastian},
  institution = {Institute for Public Administration, University of Delaware},
  year={2009} , 
  month = {Nov},
  numpages = {76},
  language = {english}   
}

@ARTICLE{Zhukov_2013,
	author = {Жуков, М. Н. and Стахів, І. Р. and Клипа, А. В.},
	title = {Деякі особливості динаміки забруднення атмосферного повітря міста Києва шкідливими речовинами за 2001–2010 рр.},
	journal = {Геоінформатика},
	year = {2013},
	number = {2(46)},
	pages = {72--76},
	language = {ukrainian}
}


@BOOK{Markelov_2015,
	author = {Маркелов, Владимир}, 
	title = {Геоинформатика и логистика},
	publisher = {Lambert Academic Publishing},
	% address = {К.},
	year = {2015},
	numpages = {176},
	language = {russian}
}

@book{tange_ole_2018_1146014,
	author       = {Tange, Ole},
	title        = {GNU Parallel 2018},
	publisher    = {Ole Tange},
	month        = Mar,
	year         = 2018,
	ISBN         = {9781387509881},
	doi          = {10.5281/zenodo.1146014},
	url          = {https://doi.org/10.5281/zenodo.1146014}
}


@article{Zhang_2016,
	author    = {Xiang Zhang and Junbo Jake Zhao and Yann LeCun},
	title     = {Character-level Convolutional Networks for Text Classification},
	journal   = {CoRR},
	volume    = {abs/1509.01626},
	year      = {2015},
	url       = {http://arxiv.org/abs/1509.01626},
	language  = {english}
}


@inproceedings{Kim_2014,
	author    = {Yoon Kim},
	title     = {Convolutional Neural Networks for Sentence Classification},
	booktitle = {Proceedings of the 2014 Conference on Empirical Methods in Natural Language Processing (EMNLP 2014)},
	year      = {2014},
	pages     = {1746--1751},
	url       = {http://arxiv.org/abs/1408.5882},
	language  = {english}
}

@online{Britz_2015,
	author    = {Denny Britz},
	title     = {Understanding Convolutional Neural Networks for NLP},
	credits   = {{WILDML - Artificial Intelligence, Deep Learning, and NLP}},
	year      = {2015},
	url       = {http://www.wildml.com/2015/11/understanding-convolutional-neural-networks-for-nlp/},
	language  = {english}
}



