@ARTICLE{eng_art1,
	author = {Naydonov, Ivan},
	origtitle = {Topolohichna evrystyka v rozv'yazanni problemy marshrutyzatsiyi transportnykh zasobiv (VRP)},
	title = {The topological heuristic in vehicle routing problem (VRP)},
	journal = {ScienceRise},
	year = {2015},
	volume = {6},
	number = {2(11)},
	pages = {52--58},
	url = {http://dx.doi.org/10.15587/2313-8416.2015.44381},
	doi = {10.15587/2313-8416.2015.44381},
	note = {In Ukrainian},
	language = {english},
}
@ARTICLE{eng_art2,
	author = {Naydonov, Ivan},
	origtitle = {Problema holosovoi vzaiemodii v zadachakh upravlinnia dystrybutsiieiu},
	title = {The problem of voice interaction in the distribution management tasks},
	origjournal = {Visnyk Cherkaskoho derzhavnoho tekhnolohichnoho universytetu. Seriia: Tekhnichni nauky},
	journal = {Cherkasy state technological university journal. Series: Engineering},
	year = {2016},
	volume = {3},
	pages = {63--71},
	url = {http://visnyk.chdtu.edu.ua/images/tech/3_2016/63-71_Найдьонов.pdf},
	note = {In Ukrainian},
	language = {english},
}
@ARTICLE{eng_art3,
	author = {Naydonov, Ivan},
	origtitle = {Model holosovoi vzaiemodii vodiia v systemakh dyspetchers koho kontroliu za rukhom avtotransportu},
	title = {Model of voice interaction of the driver in the systems of dispatching control over the movement of vehicles},
	origjournal = {Kompiuterno-intehrovani tekhnolohii: osvita, nauka, vyrobnytstvo},
	journal = {Computer Integrated Technologies: Education, Science, Production},
	year = {2018},
	volume = {33},
	pages = {121--127},
	url = {http://ki.lutsk-ntu.com.ua/node/140/section/19},
	note = {In Ukrainian},
	language = {english},
}
@ARTICLE{eng_art4,
	author = {Naydonov, Ivan},
	origtitle = {Formalizatsiia holosovoi informatsii v systemakh dyspetchers koho kontroliu za rukhom avtotransportu},
	title = {Formalization of voice information in the systems of dispatching control over the movement of vehicles},
	origjournal = {Naukovi notatky},
	journal = {Scientific notes},
	year = {2018},
	volume = {64},
	pages = {135--140},
	note = {In Ukrainian},
	language = {english},
}
@ARTICLE{eng_art5,
	author = {Naydonov, Ivan},
	origtitle = {Porivnyannya efektyvnosti dvokh metodiv formalizatsiyi holosovoyi vzayemodiyi},
	title = {Comparison of efficiency of two methods of voice interaction formalization},
	origjournal = {Visnyk NTU "KhPI", Seriya: Novi rishennya v suchasnykh tekhnolohiyakh},
	journal = {Bulletin of NTU "KhPI". Series: New solutions in modern technologies},
	year = {2018},
	volume = {45 (1321)},
	pages = {104--112},
	doi = {10.20998/2413-4295.2018.45.14},
	note = {In Ukrainian},
	language = {english},
}
@CONFERENCE{conf9,
	author = {Naydonov, Ivan},
	title = {Geoinformation system of vehicle routing and parameters of voice interaction of subjects of logistics},
	booktitle = {16th EAGE International Conference on Geoinformatics - Theoretical and Applied Aspects},
	year = {2017},
	doi = {10.3997/2214-4609.201701807},
	language = {english},
}
@online{code1,
	type = {[dataset]},
	author = {Naydonov, Ivan},
	title = {GitHub repository samogot/intelegent-reflex-system-voice-interaction: Voice Interaction Intelegent Reflex System},
	date = {2018-07-20},
	url = {https://github.com/samogot/intelegent-reflex-system-voice-interaction},
	language = {english},
}
@online{code2,
	type = {[dataset]},
	author = {Naydonov, Ivan},
	title = {GitHub repository samogot/cnn-phoneme-classification-tf: Convolutional Neural Network for Phoneme Classification in Tensorflow},
	date = {2018-11-09},
	url = {https://github.com/samogot/cnn-phoneme-classification-tf},
	language = {english},
}
@article{dataset1,
	type = {[dataset]},
	author = {Naydonov, Ivan},
	title={Voice samples and phoneme representations of commands according to script tree voice interaction model for the system of dispatch control of vehicle traffic},
	journal = {Mendeley Data},
	date = {2018},
	note = {v1},
	doi = {10.17632/pv2h84p7sf.1},
	language = {english},
}

@ARTICLE{eng_Kravchenko_2009,
	author = {Kravchenko, A. P. and Kramar, N. M. and Morozov, I. V.},
	origtitle = {Avtomatizirovannaja komp juternaja sistema golosovogo upravlenija avtomobilem },
	title = {Automated computerized voice control system},
	origjournal = {Avtomobilnyj transport},
	journal = {Automobile transport},
	year = {2009},
	volume = {25},
	pages = {44--47},
	url = {https://cyberleninka.ru/article/n/avtomatizirovannaya-kompyuternaya-sistema-golosovogo-upravleniya-avtomobilem},
	note = {In Russian},
	language = {english},
}
@inproceedings{Heisterkamp_2001,
	author = {Heisterkamp, Paul},
	title = {Linguatronic Product-level Speech System for Mercedes-Benz Cars},
	booktitle = {Proceedings of the First International Conference on Human Language Technology Research},
	series = {HLT '01},
	year = {2001},
	location = {San Diego},
	pages = {1--2},
	numpages = {2},
	url = {http://dx.doi.org/10.3115/1072133.1072199},
	doi = {10.3115/1072133.1072199},
	acmid = {1072199},
	publisher = {Association for Computational Linguistics},
	address = {Stroudsburg, PA, USA},
	language = {english},
}
@inproceedings{Kumazaki_2016,
	author = {Kumazaki, H.  and Yoshikawa, Y. and Matsumoto, Y. and Miyao, M. and Ishiguro, H. and Muramatsu, T. and Mimura, M.},
	title = {Robot-Mediated Interventions for Social Anxiety in Individuals with Autism Spectrum Disorder},
	booktitle = {2016 International Meeting for Autism Research},
	series = {IMFAR 2016},
	pages = {270--271},
	year = {2016},
	month = {May},
	language = {english},
}
@inproceedings{Park_2015,
	author = {Park, Yunhee and Itakura, Shoji and Henderson, Annette M.E. and Kanda, Takayuki and Furuhata, Naoki and Ishiguro, Hiroshi},
	title = {Do Infants Consider a Robot As a Social Partner in Collaborative Activity?},
	booktitle = {Proceedings of the 3rd International Conference on Human-Agent Interaction},
	series = {HAI '15},
	year = {2015},
	month = {Oct},
	isbn = {978-1-4503-3527-0},
	location = {Daegu, Kyungpook, Republic of Korea},
	pages = {91--95},
	numpages = {5},
	doi = {10.1145/2814940.2814953},
	acmid = {2814953},
	publisher = {ACM},
	address = {New York, NY, USA},
	keywords = {agent, collaborative activities, human-robot interaction, infants' social cognition, robot, social interaction},
	language = {english},
}
@Article{Nishio_2015,
	author =   {Nishio, Shuichi and Minato, Takashi and Ishiguro, Hiroshi},
	title =    {Using Androids to Provide Communication Support for the Elderly},
	journal =  {New Breeze},
	year =     {2015},
	volume =   {27},
	number =   {4},
	pages =    {14--17},
	month =    {Oct},
	day =      {9},
	file =     {Nishio2015c.pdf:pdf/Nishio2015c.pdf:PDF},
	url =      {https://www.ituaj.jp/wp-content/uploads/2015/10/nb27-4_web_05_ROBOTS_usingandroids.pdf},
	language = {english},
}
@article {Ishiguro_2016,
	author = {Ishiguro, Hiroshi},
	title = {Adaptation to teleoperated robots},
	journal = {International Journal of Psychology},
	volume = {51},
	issue = {S1},
	issuetitle = {31st International Congress of Psychology, 24–29 July 2016, Yokohama, Japan},
	publisher = {John Wiley & Sons, Ltd},
	issn = {1464-066X},
	url = {http://dx.doi.org/10.1002/ijop.12361},
	doi = {10.1002/ijop.12361},
	pages = {10},
	year = {2016},
	language = {english},
}
@ARTICLE{Herbert_2018,
	author = {Herbert, David and Kang, Byeong Ho},
	title = {Intelligent Conversation System Using Multiple Classification Ripple down Rules and Conversational Context},
	journal = {Expert Systems with Applications},
	year = {2018},
	volume = {112},
	publisher = {Elsevier Ltd.},
	pages = {342--352},
	doi = {10.1016/j.eswa.2018.06.049},
}
@article{eng_Makovkin_2006,
	author={Makovkin, K. A.},
	origtitle = {Gibridnyye modeli: skrytyye markovskiye modeli i neyronnyye seti, ikh primeneniye v sistemakh raspoznavaniya rechi},
	title = {Hybrid models: hidden Markov models and neural networks, their application in speech recognition systems},
	origjournal = {Modeli, metody, algoritmy i arkhitektury sistem raspoznavaniya rechi},
	journal = {Models, methods, algorithms and architectures of speech recognition systems},
	year={2006},
	url = {http://www.ccas.ru/depart/chuchu/publics/sbornikCCAS-2006.pdf#page=40},
	note = {In Russian},
	language = {english},
}
@article{eng_Gefke_2012,
	author = {Gefke, D. A. and Zatsepin, P. M.},
	origtitle = {Primeneniye skrytykh markovskikh modeley dlya raspoznavaniya zvukovykh posledovatel'nostey},
	title = {The use of hidden Markov models for the recognition of sound sequences},
	origjournal = {Izvestiya Altayskogo gosudarstvennogo universiteta Barnaul},
	journal = {News of Altai State University Barnaul},
	year = {2012},
	note = {In Russian},
	language = {english},
}
@article{Hinton_2012,
	author = {Hinton, Geoffrey and Deng, Li and Yu, Dong and Dahl, George and  Mohamed, Abdel-rahman and Jaitly, Navdeep and Senior, Andrew and Vanhoucke, Vincent and Nguyen, Patrick and Sainath, Tara and Kingsbury, Brian},
	title = {Deep Neural Networks for Acoustic Modeling in Speech Recognition},
	journal={IEEE, Signal processing magazine},
	year = {2012},
	url = {https://static.googleusercontent.com/media/research.google.com/en//pubs/archive/38131.pdf},
	language = {english},
}
@BOOK{eng_Naydonov_2008,
	author = {Naydonov, M. I.}, 
	origtitle = {Formuvannya systemy refleksyvnoho upravlinnya v orhanizatsiyakh},
	title = {Formation of the system of reflexive management in organizations},
	publisher = {Millennium},
	address = {Kyiv},
	year = {2008},
	numpages = {484},
	note = {In Ukrainian},
	language = {english},
}
@inproceedings{Teslia_2014,
	author = {Teslia, Iurii and Popovych, Nataliia and Pylypenko, Valerii and Chornyi, Oleksandr},
	title = {The Non-Force Interaction Theory for Reflex System Creation with Application to TV Voice Control},
	booktitle = {Proceedings of the 6th International Conference on Agents and Artificial Intelligence},
	year = {2014},
	pages = {288-296},
	doi = {10.5220/0004754702880296},
	isbn = {978-989-758-015-4},
	language = {english},
}
@ARTICLE{eng_Teslia_2013,
	author = {Teslia, Iurii and Chornii, O. Yu.},
	origtitle = {Reflektornaya sistema golosovogo upravleniya tekhnicheskimi ustroystvami (RSGU)},
	title = {Reflex system of voice control for technical devices (RSVC)},
	origjournal = {Upravlinnya rozvytkom skladnykh system},
	journal = {Managing the development of complex systems},
	address = {Кyiv},
	year = {2013},
	volume = {15},
	pages = {105--110},
	url = {http://www.irbis-nbuv.gov.ua/cgi-bin/irbis_nbuv/cgiirbis_64.exe?C21COM=2&I21DBN=UJRN&P21DBN=UJRN&IMAGE_FILE_DOWNLOAD=1&Image_file_name=PDF/Urss_2013_15_21.pdf},
	note = {In Russian},
	language = {english},
}
@BOOK{eng_Teslia_2010,
	author = {Teslia, Iurii},
	address = {Кyiv},
	publisher = {Maklaut},
	origtitle = {Vvedennia v informatyku pryrody},
	title = {Introduction to the informatics of nature},
	year = {2010},
	numpages = {255},
	isbn = {978-966-2200-06-5},
	note = {In Ukrainian},
	language = {english},
}
@ARTICLE{eng_Egorchenkov_2016,
	author = {Egorchenkov, A. V.},
	origtitle = {Prikladnoe primenenie reflektornoj sistemy golosovogo upravlenija},
	title = {Applied application of the reflex system of voice control},
	origjournal = {Upravlinnya rozvytkom skladnykh system},
	journal = {Managing the development of complex systems},
	address = {Кyiv},
	year = {2016},
	volume = {25},
	pages = {103--107},
	url = {http://urss.knuba.edu.ua/files/zbirnyk-25/16.pdf},
	note = {In Russian},
	language = {english},
}
@ARTICLE{eng_Pylypenko_2008,
	author = {Pylypenko, V. V. and Robejko, V. V.},
	origtitle = {Avtomatizirovannyj stenograf ukrainskoj rechi},
	title = {Automated stenographer of Ukrainian speech},
	origjournal = {Shtuchnij іntelekt},
	journal = {Artificial Intelligence},
	year = {2008},
	volume = {4},
	pages = {768--775},
	url = {http://dspace.nbuv.gov.ua/handle/123456789/7655},
	note = {In Russian},
	language = {english},
}
@article{Zhang_2015,
	author    = {Xiang Zhang and Junbo Jake Zhao and Yann LeCun},
	title     = {Character-level Convolutional Networks for Text Classification},
	journal   = {CoRR},
	volume    = {abs/1509.01626},
	year      = {2015},
	url       = {http://arxiv.org/abs/1509.01626},
	language  = {english},
}
@inproceedings{Kim_2014,
	author    = {Yoon Kim},
	title     = {Convolutional Neural Networks for Sentence Classification},
	booktitle = {Proceedings of the 2014 Conference on Empirical Methods in Natural Language Processing (EMNLP 2014)},
	year      = {2014},
	pages     = {1746--1751},
	url       = {http://arxiv.org/abs/1408.5882},
	language  = {english},
}
@online{Britz_2015,
	author    = {Denny Britz},
	title     = {Understanding Convolutional Neural Networks for NLP},
	credits   = {{WILDML - Artificial Intelligence, Deep Learning, and NLP}},
	date      = {2015-11-7},
	url       = {http://www.wildml.com/2015/11/understanding-convolutional-neural-networks-for-nlp/},
	language  = {english},
}
@article{Ayllon_2014,
	title={An evolutionary algorithm to optimize the microphone array configuration for speech acquisition in vehicles},
	author={Ayll{\'o}n, David and Gil-Pita, Roberto and Utrilla-Manso, Manuel and Rosa-Zurera, Manuel},
	journal={Engineering Applications of Artificial Intelligence},
	volume={34},
	pages={37--44},
	year={2014},
	publisher={Elsevier},
	doi = {10.1016/j.engappai.2014.05.006},
	language = {english},
}