%% LaTeX2e file `cites.bib'
%% generated by the `filecontents' environment
%% from source `conference' on 2019/02/15.
%%
%% LaTeX2e file `cites.bib'
%% generated by the `filecontents' environment
%% from source `conference' on 2019/02/14.
%%



@book{b1,
 author = {Yuriy Akkerman and Mykhaylo Naydonov and Lyubov Naydonova},
 title = {Complex "Analit": interactive calculation of contextual functional-parametric indicators of group reflexivity: a computer program},
 year = {1995},
 url = {http://iris-psy.org.ua/publ/st_0033analit.pdf},
 note = {in russian},
}

@book{b2,
 author = {V. S. Bibler},
 title = {Thinking as creativity (Introduction to the logic of mental dialogue)},
 year = {1975},
 address = {Moscow},
 publisher = {Progress},
 note = {in russian},
}

@book{b3,
 author = {L. V. Grigorovska and M. I. Naydonov and L. A. Naydonova and C. Ya. Treyger},
 title = {Indicators of  imaginative thinking and musical environment of adolescents: a program for calculating the functions and parameters of speech production},
 year = {1989},
 url = {http://iris-psy.org.ua/publ/st_0009calc.pdf},
 note = {in russian},
}

@incollection{b4,
 author = {K. Dunker},
 title = {Psychology of productive (creative) thinking},
 booktitle = {Psychology of thinking: compilation; translated from german and english},
 year = {1965},
 pages = {86--234},
 address = {Moscow},
 publisher = {Progress},
 note = {in russian},
}

@book{b5,
 author = {A. G. Dyachko and A. V. Markov and M. N. Markov and L. A. Naydonova and M. I. Naydonov and I. N. Semenov and S. Yu. Stepanov},
 title = {Calculation of indicators of creative thinking of students in group problem solving. Dep. In OfAP Minvuz USSR 22.04.1987, № М87081},
 journal = {Teaching and teacher education},
 year = {1987},
 address = {Moscow},
 url = {http://iris-psy.org.ua/publ/st_0005.pdf},
 note = {in russian},
}

@book{b7,
 author = {M. I. Naydonov and L.A.Naydonova and Yu. D. Akkerman},
 title = {Reflexive psychologist workstation },
 journal = {Teaching and teacher education},
 year = {1995},
 url = {http://iris-psy.org.ua/publ/st_0033arm.pdf},
 note = {in russian},
}

@book{b8,
 author = {Mykhaylo Naydonov},
 title = {Group reflection in creative tasks solving on condition of varying degrees of readiness for intellectual work : PhD dissertation : 19.00.01, 19.00.03},
 year = {1989},
 address = {K.},
 publisher = {NAES of Ukraine, Institute of Psychology by G. S. Kostiuk},
 numpages = {239},
 url = {http://iris-psy.org.ua/publ/000-163.pdf},
 note = {in ukrainian},
}


@book{b9,
 author = {A. V. Markov and M. I. Naydonov and L. A. Naydonova and S. Yu.  Stepanov},
 title = {The complex of calculation of functional-parametric indicators of group reflection },
 year = {1989},
 url = {http://iris-psy.org.ua/publ/st_0008calc.pdf},
 note = {in russian},
}

@book{b10,
 author = {M. I. Naydonov and L. A. Naydonova and Yu. Repetskiy},
 title = {The program for calculating indicators of reflexivity in the group reflexive process},
 year = {1991},
 url = {http://iris-psy.org.ua/publ/st_0017calc.pdf},
 note = {in russian},
}

@book{b14,
 author = {I. M. Naydonov and M. I. Naydonov},
 title = {The algorithm of content, semantic, and resource definition of answers of respondents for monitoring of social situation of personal and social development: computer program},
 year = {2009},
 url = {http://iris-psy.org.ua/publ/st_0077arm.pdf},
 note = {in ukrainian},
}


@book{b15,
 author = {Mykhaylo Naydonov},
 title = {Formation of reflexive management in organizations : dissertation of the doctor of psychological science : 19.00.05},
 year = {2010},
 address = {K.},
 publisher = {NAES of Ukraine,
  Institute of Psychology by G. S. Kostiuk},
 numpages = {434},
 url = {http://iris-psy.org.ua/publ/DDM.pdf},
 note = {in ukrainian},
}

@book{b16,
 author = {Mykhaylo І. Naydonov},
 title = {Formation of reflexive management in organizations},
 year = {2008},
 address = {K.},
 publisher = {Millennium},
 numpages = {484},
 url = {http://iris-psy.org.ua/publ/fruo.pdf},
 note = {in ukrainian},
}
@patent{b17,
 author = {I. M. Naydonov and M. I. Naydonov and L. A. Naydonova},
 title = {Questionnaire of professional self-realization on the basis of general socio-psychological indicators. NRC: Competence, Levels of Qualification (Professional Self-Realization, NQF): computer program},
 number = {64079},
 date = {2015-12-15},
 location = {ukraine},
 type = {copyright certificate},
 note = {in ukrainian},
}
@patent{b18,
 author = {Ivan Naydonov and Mykhaylo Naydonov and Lyubov A. Naydonova and Liubov Grygorovska},
 title = {Electronic Bulletin <<Monitoring of Professional Self-Execution in the Implementation of the National Qualifications Framework>> (Bulletin Generation, NQF): computer program},
 number = {64077},
 date = {2015-12-15},
 location = {ukraine},
 type = {copyright certificate},
 note = {in ukrainian},
}
@patent{b19,
 author = {I. M. Naydonov and M. I. Naydonov and L. A. Naydonova and L. V. Grigorovska},
 title = {Test of implicit associations of professional self-realization on-line (Professional self-realization, NQF, IAT): computer program},
 number = {64078},
 date = {2015-12-15},
 location = {ukraine},
 type = {copyright certificate},
 note = {in ukrainian},
}
@incollection{b20,
 author = {I. N. Semenov},
 title = {The method of studying the personality in group during a collective solution of creative tasks },
 booktitle = {Personality in a psychological experiment},
 year = {1973},
 pages = {94--115},
 address = {M.},
}

@article{b21,
 author = {Jones, E. E. and Harris, V. A.},
 title = {The attribution of attitudes},
 journal = {Journal of Experimental Social Psychology},
 year = {1967},
 volume = {1},
 number = {2},
 pages = {1--24},
 doi = {10.1016/0022-1031(67)90034-0},
 url = {http://doi.org/10.1016/0022-1031(67)90034-0}
}


@CONFERENCE{b22,
 author = {Naydonov, Ivan},
 title = {Geoinformation system of vehicle routing and parameters of voice interaction of subjects of logistics},
 booktitle = {16th EAGE International Conference on Geoinformatics - Theoretical and Applied Aspects},
 year = {2017},
 doi = {10.3997/2214-4609.201701807},
 url = {http://doi.org/10.3997/2214-4609.201701807}
 language = {english},
}
@article{b23,
 title={Sense tagging: Semantic tagging with a lexicon},
 author={Wilks, Yorick and Stevenson, Mark},
 journal={arXiv preprint cmp-lg/9705016},
 year={1997}
}
@inproceedings{b24,
 title={Feature-rich part-of-speech tagging with a cyclic dependency network},
 author={Toutanova, Kristina and Klein, Dan and Manning, Christopher D and Singer, Yoram},
 booktitle={Proceedings of the 2003 Conference of the North American Chapter of the Association for Computational Linguistics on Human Language Technology-Volume 1},
 pages={173--180},
 year={2003},
 organization={Association for Computational Linguistics}
}
@article{b25,
 title={Speech and non-speech identification and classification using KNN algorithm},
 author={Priya, T Lakshmi and Raajan, NR and Raju, N and Preethi, P and Mathini, S},
 journal={Procedia engineering},
 volume={38},
 pages={952--958},
 year={2012},
 publisher={Elsevier},
 doi = {10.1016/j.proeng.2012.06.120},
 language = {english},
}
@article{b26,
 title={Computer-assisted topic classification for mixed-methods social science research},
 author={Hillard, Dustin and Purpura, Stephen and Wilkerson, John},
 journal={Journal of Information Technology \& Politics},
 volume={4},
 number={4},
 pages={31--46},
 year={2008},
 publisher={Taylor \& Francis}
}
